% INTRODUCTION
@article{Strocchi:1974xh,
    author = "Strocchi, F. and Wightman, A. S.",
    title = "{Proof of the Charge Superselection Rule in Local Relativistic Quantum Field Theory.}",
    doi = "10.1063/1.1666601",
    journal = "J. Math. Phys.",
    volume = "15",
    pages = "2198--2224",
    year = "1974",
    note = "[Erratum: J.Math.Phys. 17, 1930--1931 (1976)]"
}
@article{page1983evolution,
  title={Evolution without evolution: Dynamics described by stationary observables},
  author={Page, Don N and Wootters, William K},
  journal={Physical Review D},
  volume={27},
  number={12},
  pages={2885},
  year={1983},
  publisher={APS}
}
@article{hohn2021trinity,
  title={Trinity of relational quantum dynamics},
  author={H{\"o}hn, Philipp A and Smith, Alexander RH and Lock, Maximilian PE},
  journal={Physical Review D},
  volume={104},
  number={6},
  pages={066001},
  year={2021},
  publisher={APS}
}

@article{Smith:2017pwx,
    author = "Smith, Alexander R. H. and Ahmadi, Mehdi",
    title = "{Quantizing time: Interacting clocks and systems}",
    eprint = "1712.00081",
    archivePrefix = "arXiv",
    primaryClass = "quant-ph",
    doi = "10.22331/q-2019-07-08-160",
    journal = "Quantum",
    volume = "3",
    pages = "160",
    year = "2019"
}
## Problem of Time and Quanyum Cosmology
@mastersthesis{cooke2010qcintro,
  title={An introduction to quantum cosmology},
  author={Cooke, Michael},
  year={2010},
school="Imperial College London"
}
@article{gielen2023quantum,
  title={Quantum Cosmology},
  author={Gielen, Steffen},
  journal={arXiv preprint arXiv:2309.01790},
  year={2023}
}
@article{rovelli1990quantum,
  title={Quantum mechanics without time: a model},
  author={Rovelli, Carlo},
  journal={Physical Review D},
  volume={42},
  number={8},
  pages={2638},
  year={1990},
  publisher={APS}
}
@article{Ashworth:1996eq,
    author = "Ashworth, M. C.",
    title = "{Coherent state approach to quantum clocks}",
    eprint = "quant-ph/9703029",
    archivePrefix = "arXiv",
    reportNumber = "UCD-96-38",
    doi = "10.1103/PhysRevD.58.104008",
    journal = "Phys. Rev. D",
    volume = "58",
    pages = "104008",
    year = "1998"
}

## Main text
@article{Gemsheim:2023izg,
    author = "Gemsheim, Sebastian and Rost, Jan M.",
    title = "{Emergence of Time from Quantum Interaction with the Environment}",
    eprint = "2309.05159",
    archivePrefix = "arXiv",
    primaryClass = "quant-ph",
    doi = "10.1103/PhysRevLett.131.140202",
    journal = "Phys. Rev. Lett.",
    volume = "131",
    number = "14",
    pages = "140202",
    year = "2023"
}
@article{deriglazov2011reparametrization,
  title={Reparametrization-invariant formulation of classical mechanics and the Schr{\"o}dinger equation},
  author={Deriglazov, A and Rizzuti, BF},
  journal={American Journal of Physics},
  volume={79},
  number={8},
  pages={882--885},
  year={2011},
  publisher={AIP Publishing}
}


# Semiclassical derivation of TDSE
@article{briggsBraun2004,
  title = {Classical limit of the interaction of a quantum system with the electromagnetic field},
  author = {Braun, Lars and Strunz, Walter T. and Briggs, John S.},
  journal = {Phys. Rev. A},
  volume = {70},
  issue = {3},
  pages = {033814},
  numpages = {8},
  year = {2004},
  month = {Sep},
  publisher = {American Physical Society},
  doi = {10.1103/PhysRevA.70.033814},
  url = {https://link.aps.org/doi/10.1103/PhysRevA.70.033814}
}

@article{briggs2001derivation,
  title={On the derivation of the time-dependent equation of Schr{\"o}dinger},
  author={Briggs, John S and Rost, Jan M},
  journal={Foundations of Physics},
  volume={31},
  pages={693--712},
  year={2001},
  publisher={Springer}
}
@article{braun2004classical,
  title = {Classical limit of the interaction of a quantum system with the electromagnetic field},
  author = {Braun, Lars and Strunz, Walter T. and Briggs, John S.},
  journal = {Phys. Rev. A},
  volume = {70},
  issue = {3},
  pages = {033814},
  numpages = {8},
  year = {2004},
  month = {Sep},
  publisher = {American Physical Society},
  doi = {10.1103/PhysRevA.70.033814},
  url = {https://link.aps.org/doi/10.1103/PhysRevA.70.033814}
}

# Chapter 4 of the book
@article{van1986tunneling,
  title={Tunneling of quantum spins},
  author={Van Hemmen, JL and S{\"u}t{\"o}, A},
  journal={Physica B+ C},
  volume={141},
  number={1},
  pages={37--75},
  year={1986},
  publisher={Elsevier}
}
@article{van2003wkb,
  title={WKB for quantum spins},
  author={Van Hemmen, JL and S{\"u}t{\"o}, A},
  journal={Physica A: Statistical Mechanics and its Applications},
  volume={321},
  number={3-4},
  pages={493--497},
  year={2003},
  publisher={Elsevier}
}


## SuperSelection Rule
@article{TanimuraSuperSelection,
  title={Superselection rules from measurement theory},
  author={Tanimura, Shogo},
  journal={arXiv preprint arXiv:1112.5701},
  year={2011}
}
@article{Wick:1952nb,
    author = "Wick, G. C. and Wightman, A. S. and Wigner, E. P.",
    editor = "Wightman, A. S.",
    title = "{The intrinsic parity of elementary particles}",
    doi = "10.1103/PhysRev.88.101",
    journal = "Phys. Rev.",
    volume = "88",
    pages = "101--105",
    year = "1952"
}
@article{Giulini:2007fn,
  title={Superselection rules},
  author={Giulini, Domenico},
  journal={arXiv preprint arXiv:0710.1516},
  month = "10",
  year={2007},
  publisher={Springer}
}

%% Future
@article{Mendes_2019,
   title={Time as a consequence of internal coherence},
   volume={475},
   ISSN={1471-2946},
   url={http://dx.doi.org/10.1098/rspa.2019.0470},
   DOI={10.1098/rspa.2019.0470},
   number={2231},
   journal={Proceedings of the Royal Society A: Mathematical, Physical and Engineering Sciences},
   publisher={The Royal Society},
   author={Mendes, Leandro R. S. and Soares-Pinto, Diogo O.},
   year={2019},
   month=nov, pages={20190470} }

   @article{semiclassical_limit_JC_PRL,
  title = {Defining the Semiclassical Limit of the Quantum Rabi Hamiltonian},
  author = {Irish, E. K. and Armour, A. D.},
  journal = {Phys. Rev. Lett.},
  volume = {129},
  issue = {18},
  pages = {183603},
  numpages = {7},
  year = {2022},
  month = {Oct},
  publisher = {American Physical Society},
  doi = {10.1103/PhysRevLett.129.183603},
  url = {https://link.aps.org/doi/10.1103/PhysRevLett.129.183603}
}
@article{Bina_JC_tutorial,
   title={The coherent interaction between matter and radiation: A tutorial on the Jaynes-Cummings model},
   volume={203},
   ISSN={1951-6401},
   url={http://dx.doi.org/10.1140/epjst/e2012-01541-3},
   DOI={10.1140/epjst/e2012-01541-3},
   number={1},
   journal={The European Physical Journal Special Topics},
   publisher={Springer Science and Business Media LLC},
   author={Bina, M.},
   year={2012},
   month=apr, pages={163â€“183} }
