% Bib file to include citations.
@article{article_name,
  title = {Dynamics of the dissipative two-state system},
  author = {Leggett, A. J. and Chakravarty, S. and Dorsey, A. T. and Fisher, Matthew P. A. and Garg, Anupam and Zwerger, W.},
  journal = {Rev. Mod. Phys.},
  volume = {59},
  issue = {1},
  pages = {1--85},
  numpages = {0},
  year = {1987},
  month = {Jan},
  publisher = {American Physical Society},
  doi = {10.1103/RevModPhys.59.1},
  url = {https://link.aps.org/doi/10.1103/RevModPhys.59.1}
}
